<record><leader>00000cas a22000007a 4500</leader><controlfield tag="001">12005925</controlfield><controlfield tag="008">850507d1874188uwiuwr ne      0    0eng d</controlfield><datafield ind1=" " ind2=" " tag="010"><subfield code="a">sn 85040580 </subfield></datafield><datafield ind1=" " ind2=" " tag="040"><subfield code="a">NPV</subfield><subfield code="b">eng</subfield><subfield code="c">NPV</subfield><subfield code="d">NPX</subfield><subfield code="d">NVF</subfield><subfield code="d">OCLCQ</subfield><subfield code="d">CUS</subfield></datafield><datafield ind1=" " ind2=" " tag="042"><subfield code="a">msc</subfield></datafield><datafield ind1=" " ind2=" " tag="043"><subfield code="a">n-us-wi</subfield></datafield><datafield ind1=" " ind2=" " tag="045"><subfield code="a">w7w8</subfield></datafield><datafield ind1=" " ind2="4" tag="050"><subfield code="a">AN</subfield></datafield><datafield ind1=" " ind2=" " tag="052"><subfield code="a">4123</subfield><subfield code="b">T7</subfield></datafield><datafield ind1="0" ind2=" " tag="130"><subfield code="a">Galesville independent (Galesville, Wis. : 1874)</subfield></datafield><datafield ind1="1" ind2="0" tag="245"><subfield code="a">Galesville independent.</subfield></datafield><datafield ind1=" " ind2=" " tag="260"><subfield code="a">Galesville, Trempealeau Co., Wis. :</subfield><subfield code="b">Galesville Printing Association</subfield></datafield><datafield ind1=" " ind2=" " tag="300"><subfield code="a">volumes :</subfield><subfield code="b">illustrations ;</subfield><subfield code="c">64 cm.</subfield></datafield><datafield ind1=" " ind2=" " tag="310"><subfield code="a">Weekly</subfield></datafield><datafield ind1=" " ind2=" " tag="336"><subfield code="a">text</subfield><subfield code="b">txt</subfield><subfield code="2">rdacontent</subfield></datafield><datafield ind1=" " ind2=" " tag="337"><subfield code="a">unmediated</subfield><subfield code="b">n</subfield><subfield code="2">rdamedia</subfield></datafield><datafield ind1=" " ind2=" " tag="338"><subfield code="a">volume</subfield><subfield code="b">nc</subfield><subfield code="2">rdacarrier</subfield></datafield><datafield ind1="1" ind2=" " tag="362"><subfield code="a">Began in Oct. 1874? Ceased between 1887-1889.</subfield></datafield><datafield ind1=" " ind2=" " tag="500"><subfield code="a">Editor: L.C. McKenney, &lt;Nov. 1874&gt;-Nov. 1875.--W.M. Doty, Nov. 1875-Apr. 1877.--S.S. Luce, Apr. 1877-Apr. 1881.--S.S. Luce, W.S. Luce, May 1881-</subfield></datafield><datafield ind1=" " ind2=" " tag="530"><subfield code="a">Available on microfilm from The State Historical Society of Wisconsin.</subfield></datafield><datafield ind1=" " ind2=" " tag="588"><subfield code="a">Description based on: Vol. 1, no. 3 (Nov. 5, 1874).</subfield></datafield><datafield ind1=" " ind2="0" tag="651"><subfield code="a">Galesville (Wis.)</subfield><subfield code="v">Newspapers.</subfield></datafield><datafield ind1=" " ind2=" " tag="752"><subfield code="a">United States</subfield><subfield code="b">Wisconsin</subfield><subfield code="c">Trempealeau</subfield><subfield code="d">Galesville.</subfield></datafield><datafield ind1="0" ind2="0" tag="785"><subfield code="t">Independent (Galesville, Wis.)</subfield><subfield code="w">(DLC)sn 85040581</subfield><subfield code="w">(OCoLC)12006010</subfield></datafield><datafield ind1="1" ind2=" " tag="029"><subfield code="a">AU@</subfield><subfield code="b">000020379631</subfield></datafield></record>